<record xmlns="http://www.loc.gov/MARC21/slim" xmlns:xsi="http://www.w3.org/2001/XMLSchema-instance" xsi:schemaLocation="http://www.loc.gov/MARC21/slim http://www.loc.gov/standards/marcxml/schema/MARC21slim.xsd"><leader>     nam a22        4500</leader><controlfield tag="001">001683784</controlfield><controlfield tag="003">NNU</controlfield><controlfield tag="006">m        d        </controlfield><controlfield tag="007">cr cn |||m|||a</controlfield><controlfield tag="008">150313q19331934ua      o     000 0 ara d</controlfield><datafield ind1=" " ind2=" " tag="040"><subfield code="a">NNU</subfield><subfield code="b">eng</subfield><subfield code="c">NNU</subfield></datafield><datafield ind1=" " ind2=" " tag="066"><subfield code="c">(3</subfield></datafield><datafield ind1=" " ind2=" " tag="090"><subfield code="a">BP136</subfield><subfield code="b">.S8</subfield></datafield><datafield ind1="0" ind2=" " tag="100"><subfield code="6">880-01</subfield><subfield code="a">Suy&#363;&#7789;&#299;,</subfield><subfield code="d">1445-1505</subfield></datafield><datafield ind1="1" ind2="3" tag="245"><subfield code="6">880-02</subfield><subfield code="a">al-La&#700;&#257;li&#700; al-ma&#7779;n&#363;&#699;ah f&#299; al-a&#7717;&#257;d&#299;th al-maw&#7693;&#363;&#699;ah</subfield><subfield code="h">[electronic resource] :</subfield><subfield code="b">li-Jal&#257;l al-D&#299;n &#699;Abd al-Ra&#7717;m&#257;n al-Suy&#363;&#7789;&#299;.</subfield></datafield><datafield ind1=" " ind2=" " tag="250"><subfield code="6">880-03</subfield><subfield code="a">al-&#7788;ab&#699;ah 1.</subfield></datafield><datafield ind1=" " ind2=" " tag="260"><subfield code="6">880-04</subfield><subfield code="a">Mi&#7779;r :</subfield><subfield code="b">al-Maktabah al-&#7716;usayn&#299;yah al-Mi&#7779;r&#299;yah bi-al-Azhar,</subfield><subfield code="c">1352 [1933 or 1934]</subfield></datafield><datafield ind1=" " ind2=" " tag="300"><subfield code="a">online resource (2 v.)</subfield></datafield><datafield ind1=" " ind2=" " tag="500"><subfield code="a">An abridgment of Kit&#257;b al-Maw&#7693;&#363;&#699;&#257;t by Ibn al-Jawz&#299;.</subfield></datafield><datafield ind1=" " ind2=" " tag="500"><subfield code="a">Part of the Arabic Collections Online (ACO) project, contributed by New York Univeristy Libraries.</subfield></datafield><datafield ind1=" " ind2=" " tag="533"><subfield code="a">Electronic reproduction.</subfield><subfield code="b">New York, N.Y. :</subfield><subfield code="c">New York University,</subfield><subfield code="d">2015.</subfield><subfield code="5">NNU</subfield></datafield><datafield ind1=" " ind2="0" tag="650"><subfield code="a">Hadith</subfield><subfield code="x">Forgeries.</subfield></datafield><datafield ind1="1" ind2=" " tag="700"><subfield code="6">880-05</subfield><subfield code="a">Ibn al-Jawz&#299;, Ab&#363; al-Faraj &#699;Abd al-Ra&#7717;m&#257;n ibn &#699;Al&#299;,</subfield><subfield code="d">1116 (ca.)-1201</subfield><subfield code="t">Maw&#7693;&#363;&#699;&#257;t.</subfield></datafield><datafield ind1="2" ind2=" " tag="710"><subfield code="a">New York University.</subfield><subfield code="b">Libraries.</subfield></datafield><datafield ind1="0" ind2=" " tag="730"><subfield code="a">Arabic Collections Online.</subfield></datafield><datafield ind1="0" ind2="8" tag="776"><subfield code="i">Print version:</subfield><subfield code="a">Suy&#363;&#7789;&#299;, 1445-1505 880-01</subfield><subfield code="t">al-La&#700;&#257;li&#700; al-ma&#7779;n&#363;&#699;ah f&#299; al-a&#7717;&#257;d&#299;th al-maw&#7693;&#363;&#699;ah</subfield><subfield code="w">(NNU)001683784</subfield></datafield><datafield ind1="4" ind2="0" tag="856"><subfield code="u">http://hdl.handle.net/2333.1/80gb5pxm</subfield></datafield><datafield ind1="0" ind2=" " tag="880"><subfield code="6">100-01/</subfield><subfield code="a">&#1587;&#1610;&#1608;&#1591;&#1610;.</subfield></datafield><datafield ind1="1" ind2="2" tag="880"><subfield code="6">245-02/</subfield><subfield code="a">&#1575;&#1604;&#1604;&#1570;&#1604;&#1610; &#1575;&#1604;&#1605;&#1589;&#1606;&#1608;&#1593;&#1577; &#1601;&#1610; &#1575;&#1604;&#1571;&#1581;&#1575;&#1583;&#1610;&#1579; &#1575;&#1604;&#1605;&#1608;&#1590;&#1608;&#1593;&#1577; /</subfield><subfield code="c">&#1604;&#1580;&#1604;&#1575;&#1604; &#1575;&#1604;&#1583;&#1610;&#1606; &#1593;&#1576;&#1583; &#1575;&#1604;&#1585;&#1581;&#1605;&#1606; &#1575;&#1604;&#1587;&#1610;&#1608;&#1591;&#1610;.</subfield></datafield><datafield ind1=" " ind2=" " tag="880"><subfield code="6">250-03/</subfield><subfield code="a">&#1575;&#1604;&#1591;&#1576;&#1593;&#1577; 1.</subfield></datafield><datafield ind1=" " ind2=" " tag="880"><subfield code="6">260-04/</subfield><subfield code="a">&#1605;&#1589;&#1585; :</subfield><subfield code="b">&#1575;&#1604;&#1605;&#1603;&#1578;&#1576;&#1577; &#1575;&#1604;&#1581;&#1587;&#1610;&#1606;&#1610;&#1577; &#1575;&#1604;&#1605;&#1589;&#1585;&#1610;&#1577; &#1576;&#1575;&#1604;&#1571;&#1586;&#1607;&#1585;&#1548;</subfield><subfield code="c">1352 [1933 &#1571;&#1608; 1934]</subfield></datafield><datafield ind1="1" ind2=" " tag="880"><subfield code="6">700-05/</subfield><subfield code="a">&#1575;&#1576;&#1606; &#1575;&#1604;&#1580;&#1608;&#1586;&#1610;&#1548; &#1571;&#1576;&#1608; &#1575;&#1604;&#1601;&#1585;&#1580; &#1593;&#1576;&#1583; &#1575;&#1604;&#1585;&#1581;&#1605;&#1606; &#1576;&#1606; &#1593;&#1604;&#1610;.</subfield><subfield code="t">&#1605;&#1608;&#1590;&#1608;&#1593;&#1575;&#1578;.</subfield></datafield><datafield ind1=" " ind2=" " tag="959"><subfield code="a">NNU</subfield><subfield code="b">WEB</subfield><subfield code="c">GENI</subfield><subfield code="t">0</subfield><subfield code="m">Electronic access</subfield><subfield code="s">01</subfield></datafield><datafield ind1=" " ind2=" " tag="999"><subfield code="i">NNU_001683784</subfield><subfield code="s">nyu_aco000453:v.1</subfield><subfield code="s">nyu_aco000454:v.2</subfield></datafield></record>